<?xml version="1.0" encoding="UTF-8"?><collection xmlns="http://www.loc.gov/MARC21/slim"><record><leader>00418nam--2200145-i-4500</leader><controlfield tag="001">000022489</controlfield><controlfield tag="002">20161230</controlfield><controlfield tag="005">20170128201245</controlfield><controlfield tag="008">060222s1000------------r-----000-0-eng-d</controlfield><datafield ind1=" " ind2=" " tag="080"><subfield code="a">001.891(01)(04)</subfield></datafield><datafield ind1=" " ind2=" " tag="245"><subfield code="a">European research index. A guide to scientific and industrial research in western Europe</subfield></datafield><datafield ind1=" " ind2=" " tag="260"><subfield code="a">London</subfield><subfield code="b">Francis Hodgson Ltd</subfield><subfield code="c">1965</subfield></datafield><datafield ind1=" " ind2=" " tag="300"><subfield code="a">881 p</subfield></datafield><datafield ind1=" " ind2=" " tag="852"><subfield code="a">22965</subfield></datafield><datafield ind1=" " ind2=" " tag="CAT"><subfield code="a">SYS</subfield><subfield code="c">20170128</subfield><subfield code="h">201245</subfield></datafield></record></collection>